@article{ mueller:compgo,
	author = "M. Mueller",
	title  = "Computer Go",
	journal = "Artificial Intelligence",
	volume = "134",
	year = "2002",
}

@misc{ web:gnugo,
	title ="Documentation of GNUGo",
	key = "gnugo",
	note ="http://www.gnu.org/software/gnugo/",
}

@misc{ web:zobrist, 
	title = "Zobrist hashing",
	key = "Zobrist",
	note = "http://www.seanet.com/~brucemo/topics/zobrist.htm",
}

@misc{ web:senseis_library,
	key = "senseis",
	title = "International server dedicated to the game of Go.",
	note = "http://senseis.xmp.net/",
}

@inproceedings{ wolf:go_tools,
    author = "T. Wolf",
    title = "The program GoTools and its computer-generated tsume go database",
    booktitle = "Game Programming Workshop in Japan '94",
    address = "Computer Shogi Association, Tokyo, Japan",
    editor = "H. Matsubara",
    pages = "84--96",
    year = "1994",
    url = "citeseer.ist.psu.edu/article/wolf96program.html",
}

@misc{ dyer:go_program,
	author = "D. Dyer",
	key = "dyer",
	title  = "Go problems solving program",
	note = "http://www.andromeda.com/people/ddyer/go-program.html",
}

@misc{ web:sgf,
	key = "sgf",
	title = "Official specification of sgf format", 
	note = "www.red-bean.com/sgf",
}

@manual{ kozelek:tga_prg_man, 
	author = "Tomas Kozelek",
	title = "TGA programmer's manual",
	year = "2006",
	note = " Not published yet.",
}

@manual{ kozelek:tga_usr_man, 
	author = "Tomas Kozelek",
	title = "TGA user's manual",
	year = "2006",
	note = " Not published yet.",
}

@inproceedings{ mueller:explorer,
	author = "M. Mueller,A. Kishimoto",
	title  = "Search versus knowledge for solving life and death problems in Go",
	booktitle= "Twentieth national conference on Artificial Intelligence",
	year = "2005",
}

@unpublished{ kozelek:bt, 
	title =  "Life and death solver in Go",
	author = "Tomas Kozelek",
	year = "2006",
	note = "Bachelor's thesis"
}


@article{ chenchen:static_analyzis, 
	author = "K.Chen, Z.Chen",
	title  = "Static analyzis of life and death in the game of Go",
	journal= "Information sciences",
	volume = "121",
	year   = "1999",
}

@misc{ web:wikipedia,
	key = "wikipedia",
	title = "The free internet encyklopedia", 
	note = "www.wikipedia.org",
}

@misc{ kishimoto:dfpn,
  author = "Kishimoto Uller Department",
	key = "dfpn",
  title = "Df-Pn In Go: An Application To The One eye Problem",
  note = "citeseer.ist.psu.edu/634812.html" 
}
